%Activestate Blog Codespaces
@techreport{setuppain,
  title       = {{Developer Survey - Open Source Runtime Pains 2019}},
  author      = {ActiveState Software Inc.},
  year        = {2019},
  institution = {Open Source Languages Company},
  month       = {04},
  url         = {https://www.activestate.com/resources/white-papers/developer-survey-2019-open-source-runtime-pains},
  note        = {Visited on: 2021-08-27},
}

%GitHub Blog Codespaces
@online{githubblogcodespace,
  author  = {{GitHub Inc.}},
  title   = {{GitHubâ€™s Engineering Team has moved to Codespaces}},
  date    = {2021-08-11},
  year    = {2021},
  url     = {https://github.blog/2021-08-11-githubs-engineering-team-moved-codespaces},
  note    = {Visited on: 2021-08-11},
}

%Netflix Microservice Deaf-Star
@online{deathstar,
  author  = {{DZone}},
  title   = {{Microservice Deathstar Created when Configuration Management Shifts to Runtime}},
  date    = {2019-11-19},
  year    = {2019},
  url     = {https://dzone.com/articles/navigating-the-microservice-deathstar-with-deployh},
  note    = {Visited on: 2021-10-11},
}

% Microservice testing
@book{microtest,
  title       = {Microservices patterns: with examples in Java},
  author      = {Richardson, Chris},
  volume      = {1},
  year        = {2018},
  publisher   = {Simon and Schuster},
  note        = {{ISBN:} 978-1-6172-9454-9},
}

%RedHat Pic and Container vs VM
@online{redhat_pic,
  author  = {{RedHat Inc.}},
  title   = {{Containers vs VMs}},
  date    = {2021-06-08},
  year    = {2021},
  url     = {https://www.redhat.com/en/topics/containers/containers-vs-vms},
  date    = {2021-06-08},
  note = {Visited on: 2021-06-08}
}