%ISO-OSI
@article{iso-osi,
  title={{ISO 7498}},
  author={{ISO, ISO}},
  journal={Information Processing Systems-Open Systems Interconnection. ISO},
  pages={7498},
  publisher={Beuth Verlag}
}

%TCP
@techreport{rfc675,
  title={{Specification of Internet Transmission Control Program RFC 5681}},
  author={Cerf, V and Dalal, Y and Sunshine, C},
  type={RFC},
  number={675},
  note = {{Available: \url{http://rfc-editor.org/rfc/rfc675.txt}}},
  year={1974},
  key={RFC675}
}

%TCP RENO
@techreport{rfc5681,
  title={{TCP congestion control RFC 5681}},
  author={Allman, M and Paxson, V and Stevens, Wright and others},
  type={RFC},
  number={5681},
  note = {{Available: \url{http://rfc-editor.org/rfc/rfc5681.txt}}},
  year={1999},
  key={RFC5681}
}

%TCP Vegas
@ARTICLE{tcp_vegas,
  author={L. S. {Brakmo} and L. L. {Peterson}},
  title={{TCP Vegas: end to end congestion avoidance on a global Internet}},
  journal={IEEE Journal on Selected Areas in Communications},
  year={1995},
  pages={1465-1480},
  volume={13},
  number={8},
}

%SCTP
@techreport{rfc4960,
  title={{Stream control transmission protocol (SCTP)}},
  author={Stewart, R and Xie, Q and Morneault, K and Sharp, C and Schwarzbauer, H and Taylor, T and Rytina, I and Kalla, M and Zhang, L and Paxson, V},
  type={RFC},
  number={4960},
  note = {{Available: \url{http://rfc-editor.org/rfc/rfc4960.txt}}},
  year={2007},
  institution={IETF},
  key={RFC4960}
}

%MPTCP v1
@techreport{rfc6824,
  title={{TCP extensions for multipath operation with multiple addresses}},
  author={Ford, Alan and Raiciu, Costin and Handley, Mark and Bonaventure, Olivier and others},
  type={RFC},
	number =	{8624},
  note = {{Available: \url{http://rfc-editor.org/rfc/rfc6824.txt}}},
  year={2013},
  institution={IETF},
  key={RFC8624}
}

%MPTCP v2
@techreport{rfc8684,
	title =		{{TCP Extensions for Multipath Operation with Multiple Addresses}},
  author =	{Alan Ford and Costin Raiciu and Mark J. Handley and Olivier Bonaventure and Christoph Paasch},
  type={RFC},
	number =	{8684},
  note = {{Available: \url{http://rfc-editor.org/rfc/rfc8684.txt}}},
	year ={2020},
  institution={IETF},
  key={RFC8684}
}

%PROBLEMS WITH WIRELESS AND MOBILE NETWORKS
@article{WLAN:Prpblems,
  title={{Improving TCP performance over mobile networks}},
  author={Elaarag, Hala},
  journal={ACM Computing Surveys (CSUR)},
  volume={34},
  number={3},
  pages={357--374},
  year={2002},
  publisher={ACM New York, NY, USA}
}

%MPTCP Deployments; SIRI
@article{siri,
  title={{Multipath TCP deployments}},
  author={Bonaventure, Olivier and Seo, S},
  journal={IETF Journal},
  volume={12},
  number={2},
  pages={24--27},
  year={2016}
}

%MPTCP-Proxy
@INPROCEEDINGS{proxy,
  author={C. {Pollalis} and P. {Charalampou} and E. {Sykas}},
  booktitle={2015 IEEE International Conference on Computer and Information Technology; Ubiquitous Computing and Communications; Dependable, Autonomic and Secure Computing; Pervasive Intelligence and Computing},
  title={{HTTP Data Offloading Using Multipath TCP Proxy}},
  year={2015},
  volume={},
  number={},
  pages={777-782},
  doi={10.1109/CIT/IUCC/DASC/PICOM.2015.114},
  month={Oct}
}

%Head of line and Buffer blocking
@article{blocking,
  title={{Is multi-path transport suitable for latency sensitive traffic?}},
  author={Yedugundla, Kiran and Ferlin, Simone and Dreibholz, Thomas and Alay, {\"O}zg{\"u} and Kuhn, Nicolas and Hurtig, Per and Brunstrom, Anna},
  journal={Computer Networks},
  volume={105},
  pages={1--21},
  year={2016},
  publisher={Elsevier}
}

%LowLatency Scheduling
@article{lowlatschedulers,
  title={{Low-latency scheduling in MPTCP}},
  author={Hurtig, Per and Grinnemo, Karl-Johan and Brunstrom, Anna and Ferlin, Simone and Alay, {\"O}zg{\"u} and Kuhn, Nicolas},
  journal={IEEE/ACM Transactions on Networking},
  volume={27},
  number={1},
  pages={302--315},
  year={2018},
  publisher={IEEE}
}

%Linux MPTCP Website
@online{linux_mptcp,
  author  = {{IP Networking Lab}},
  title   = {{MultiPath TCP - Linux Kernel implementation}},
  date    = {2019-06-22},
  year    = {2019},
  url     = {https://multipath-tcp.org/pmwiki.php/Main/HomePage},
  urldate = {2020-06-05},
  note = {Visited on: 2020-06-05},
}

%BLEST Vorstellung
@inproceedings{BLEST,
  title={{BLEST: Blocking estimation-based MPTCP scheduler for heterogeneous networks}},
  author={Ferlin, Simone and Alay, {\"O}zg{\"u} and Mehani, Olivier and Boreli, Roksana},
  booktitle={2016 IFIP Networking Conference (IFIP Networking) and Workshops},
  pages={431--439},
  year={2016},
  organization={IEEE}
}

%STTF
@inproceedings{STTF,
	author = {David Hayes},
	title={{Report on prototype development
and evaluation of end-system, application layer- and API mechanisms}},
	number={317700},
  booktitle={RITE scientific deliverables},
	note = {{Available: \url{https://riteproject.files.wordpress.com/2015/12/rite_deliverable_1-3.pdf}}},
	year = {2015},
	institution={RITE}
}

%OTIAS
@inproceedings{OTIAS,
  title={{Out-of-order transmission for in-order arrival scheduling for multipath TCP}},
  author={Yang, Fan and Wang, Qi and Amer, Paul D},
  booktitle={2014 28th International Conference on Advanced Information Networking and Applications Workshops},
  pages={749--752},
  year={2014},
  organization={IEEE}
}

%ECF
@inproceedings{ECF,
  title={{ECF: An MPTCP path scheduler to manage heterogeneous paths}},
  author={Lim, Yeon-sup and Nahum, Erich M and Towsley, Don and Gibbens, Richard J},
  booktitle={Proceedings of the 13th International Conference on emerging Networking EXperiments and Technologies},
  pages={147--159},
  year={2017},
  organization={IEEE}
}

%DAPS
@inproceedings{DAPS,
  title={{Mitigating receiver's buffer blocking by delay aware packet scheduling in multipath data transfer}},
  author={Sarwar, Golam and Boreli, Roksana and Lochin, Emmanuel and Mifdaoui, Ahlem and Smith, Guillaume},
  booktitle={2013 27th International Conference on Advanced Information Networking and Applications Workshops},
  pages={1119--1124},
  year={2013},
  organization={IEEE}
}

%Real world Test
@inproceedings{realMPTCP,
  title={{A first analysis of multipath TCP on smartphones}},
  author={De Coninck, Quentin and Baerts, Matthieu and Hesmans, Benjamin and Bonaventure, Olivier},
  booktitle={International Conference on Passive and Active Network Measurement},
  pages={57--69},
  year={2016},
  organization={Springer},
  isbn={978-3-319-30505-9}
}

@inproceedings{awareMPTCP,
  title={{A programming model for application-defined multipath TCP scheduling}},
  author={Fr{\"o}mmgen, Alexander and Rizk, Amr and Erbsh{\"a}u{\ss}er, Tobias and Weller, Max and Koldehofe, Boris and Buchmann, Alejandro and Steinmetz, Ralf},
  booktitle={Proceedings of the 18th ACM/IFIP/USENIX Middleware Conference},
  pages={134--146},
  year={2017},
  isbn = {9781450347204},
  publisher = {Association for Computing Machinery}
}



%Beispiel f端r Journalartikel
@Article{upper,
	author={D. Upper},
	title={{The Unsuccessful Self-Treatment of a Case of ''Writer's Block.``}},
	journal={Journal of Applied Behavior Analysis},
	year={1974},
	pages={794},
	volume={7}
}

%Beispiel f端r Artikel aus Conference Proceedings
@inproceedings{flocchini,
	author={P. Flocchini and M. Kellett and P.C. Mason and N. Santoro},
	booktitle={Proceedings of the International Conference on Fun with Algorithms (FUN)},
	title={{Finding Good Coffee in Paris}},
	year={2012},
	pages={154--165}
}

%Beispiel f端r Onlinequelle
@online{aaronson,
	author = {S. Aaronson},
	title = {{Polynomial Hierarchy Collapses}},
	howpublished = {\url{https://www.scottaaronson.com/writings/phcollapse.pdf}},
	note = {Abgerufen am: 16.04.2018},
}

%Beispiel f端r Standard
@techreport{rfc,
	author = {L. Masinter},
	title = {{Hyper Text Coffee Pot Control Protocol (HTCPCP/1.0)}},
	type={RFC},
	number={2324},
	note = {{Available: \url{http://rfc-editor.org/rfc/rfc2324.txt}}},
	year = {1998},
	institution={IETF},
	key={RFC2324}
}

