######################## TEMPLATES ########################
###########################################################



%DockerComposeFileDocs
@online{dockercomposefile,
  author  = {{ Docker, Inc.}},
  title   = {{Compose file version 3 reference}},
  date    = {2021-05-16},
  year    = {2021},
  url     = {https://docs.docker.com/compose/compose-file/compose-file-v3},
  date    = {2021-05-16},
  note = {Visited on: 2021-05-16},
}
%VSCodeDevContainerDocs
@online{vscodedevcontainer,
  author  = {{ Microsoft Corp.}},
  title   = {{Create a development container}},
  date    = {2021-05-05},
  year    = {2021},
  url     = {https://code.visualstudio.com/docs/remote/create-dev-container},
  date    = {2021-05-16},
  note = {Visited on: 2021-05-16},
}
% Docker book
@book{docker2020,
    author={{\"O}ggl, Bernd and Kofler, Michael},
    maintitle     = "Docker",
    title         = {{Docker--Das Praxisbuch f{\"u}r Entwickler und DevOps-Teams}},
    publisher     = {Rheinwerk Verlag GmbH},
    series        = {Rheinwerk Computing},
    volume        = "2",
    year          = "2020",
    note          = {{ISBN:} 978-3-8362-7226-1},
}
% Ansible
@book{ansible2020,
    author={Miesen, A.},
    maintitle     = "Ansible",
    title={{Ansible: Das Praxisbuch f{\"u}r Administratoren und DevOps-Teams}},
    publisher     = {Rheinwerk Verlag GmbH},
    series        = {Rheinwerk Computing},
    volume        = "1",
    year          = {2020},
    note          = {{ISBN:}  978-3-8362-7660-3},
}
% Azure DevOps
@book{azuredevops,
    author        = {Been, H. and van der Gaag, M.},
    title         = {{Implementing Azure DevOps Solutions: Learn about Azure DevOps Services to successfully apply DevOps strategies}},
    maintitle     = "Implementing Azure DevOps Solutions",
    publisher     = {Packt Publishing},
    volume        = "1",
    year          = {2020},
    note          = {{ISBN:}  978-178961-969-0},
}
% Agile Manifesto
@article{manifesto,
  title={Manifesto for agile software development},
  author={Beck, Kent and Beedle, Mike and Van Bennekum, Arie and Cockburn, Alistair and Cunningham, Ward and Fowler, Martin and Grenning, James and Highsmith, Jim and Hunt, Andrew and Jeffries, Ron and others},
  year={2001}
}

% VM basics
@book{vmbasics,
  title={Virtualization essentials},
  author={Portnoy, Matthew},
  volume={19},
  year={2012},
  publisher={John Wiley \& Sons}
}

% Virtualization adoption
@article{virtualaddoption,
  title={{The Critical Role of Virtualization in Modern Datacenters, Hybrid Clouds, and Containers}},
  author={Gary Chen},
  journal={IDC White Paper},
  month={July},
  year={2017},
  publisher={IDC},
  note={DOC-ID:\#US42903817}
}

%RedHat Pic and Container vs VM
@online{redhat_pic,
  author  = {{RedHat Inc}},
  title   = {{Containers vs VMs}},
  date    = {2021-06-08},
  year    = {2021},
  url     = {https://www.redhat.com/en/topics/containers/containers-vs-vms},
  date    = {2021-06-08},
  note = {Visited on: 2021-06-08}
}
%RedHat Virtualization
@online{redhat_venv,
  title   = {{What is virtualization?}},
  author  = {{RedHat Inc.}},
  date    = {2021-06-08},
  year    = {2021},
  url     = {https://www.redhat.com/en/topics/virtualization/what-is-virtualization},
  date    = {2021-06-08},
  note = {Visited on: 2021-06-08}
}


######################## TEMPLATES ########################
###########################################################
%MPTCP v2
@techreport{rfc8684,
	title =		{{TCP Extensions for Multipath Operation with Multiple Addresses}},
  author =	{Alan Ford and Costin Raiciu and Mark J. Handley and Olivier Bonaventure and Christoph Paasch},
  type={RFC},
	number =	{8684},
  note = {{Available: \url{http://rfc-editor.org/rfc/rfc8684.txt}}},
	year ={2020},
  institution={IETF},
  key={RFC8684}
}

%MPTCP-Proxy
@INPROCEEDINGS{proxy,
  author={C. {Pollalis} and P. {Charalampou} and E. {Sykas}},
  booktitle={2015 IEEE International Conference on Computer and Information Technology; Ubiquitous Computing and Communications; Dependable, Autonomic and Secure Computing; Pervasive Intelligence and Computing},
  title={{HTTP Data Offloading Using Multipath TCP Proxy}},
  year={2015},
  volume={},
  number={},
  pages={777-782},
  doi={10.1109/CIT/IUCC/DASC/PICOM.2015.114},
  month={Oct}
}

%LowLatency Scheduling
@article{lowlatschedulers,
  title={{Low-latency scheduling in MPTCP}},
  author={Hurtig, Per and Grinnemo, Karl-Johan and Brunstrom, Anna and Ferlin, Simone and Alay, {\"O}zg{\"u} and Kuhn, Nicolas},
  journal={IEEE/ACM Transactions on Networking},
  volume={27},
  number={1},
  pages={302--315},
  year={2018},
  publisher={IEEE}
}
